@techreport{Dazzi2018,
author = {Dazzi, Francesco and Fuessling, Matthias and Hagge, Lars and Hinton, Jim and Kosack, Karl and Mitchell, Alison and Morgenstern, Andreas and Neyroud, Nadine and Oya, Igor and Rost, Dominik and Tosti, Gino},
file = {:Users/Jason/Dropbox/DropboxDocuments/Mendeley/Dazzi et al. - 2018 - CTA Architecture.pdf:pdf},
institution = {CTA Observatory},
title = {{CTA Architecture}},
type = {Internal Document},
year = {2018}
}
