@article{Cogan2006,
    title = {{Nanosecond Sampling of Atmospheric Cherenkov Radiation Applied to TeV Gamma-Ray Observations of Blazars with VERITAS}},
    year = {2006},
    author = {Cogan, Peter and Supervised by John Quinn, Sullivan},
    number = {December}
}

@article{Bechtol2012,
    title = {{TARGET: A multi-channel digitizer chip for very-high-energy gamma-ray telescopes}},
    year = {2012},
    journal = {Astroparticle Physics},
    author = {Bechtol, K. and Funk, S. and Okumura, A. and Ruckman, L. L. and Simons, A. and Tajima, H. and Vandenbroucke, J. and Varner, G. S.},
    number = {1},
    pages = {156--165},
    volume = {36},
    publisher = {Elsevier B.V.},
    url = {http://dx.doi.org/10.1016/j.astropartphys.2012.05.016},
    doi = {10.1016/j.astropartphys.2012.05.016},
    issn = {09276505},
    arxivId = {1105.1832},
    keywords = {CMOS, Gamma-ray astronomy, Imaging atmospheric Cherenkov telescopes, Instrumentation, Waveform sampling}
}

@article{Chalme-Calvet2015,
    title = {{Exploiting the time of arrival of Cherenkov photons at the 28 m H.E.S.S. telescope for background rejection: Methods and performance}},
    year = {2015},
    journal = {Proceedings of Science},
    author = {Chalm{\'{e}}-Calvet, Raphaël and Holler, Markus and De Naurois, Mathieu and Tavernet, Jean Paul},
    volume = {30-July-20},
    issn = {18248039},
    arxivId = {1509.03544}
}

@article{Klepser2017,
    title = {{Hardware and software architecture of the upgraded H.E.S.S. cameras}},
    year = {2017},
    journal = {Proceedings of Science},
    author = {Klepser, S. and Ashton, T. and Backes, M. and Balzer, A. and Berge, D. and Bonnefoy, S. and Brun, F. and Chaminade, T. and Delagnes, E. and Fontaine, G. and F{\"{u}}{\ss}ling, M. and Giavitto, G. and Giebels, B. and Glicenstein, J. F. and Gr{\"{a}}ber, T. and Hinton, J. A. and Jahnke, A. and Kossatz, M. and Kretzschmann, A. and Lefranc, V. and Leich, H. and Lenain, J. P. and L{\"{u}}decke, H. and Lypova, I. and Manigot, P. and Marandon, V. and Moulin, E. and De Naurois, M. and Nayman, P. and Ohm, S. and Penno, M. and Ross, D. and Salek, D. and Schade, M. and Schwab, T. and Shiningayamwe, K. and Stegmann, C. and Steppa, C. and Thornhill, J. and Toussenel, F.},
    pages = {1--8},
    arxivId = {1708.04550}
}

@article{Aharonian2004,
    title = {{Calibration of cameras of the H.E.S.S. detector}},
    year = {2004},
    journal = {Astroparticle Physics},
    author = {Aharonian, F. and Akhperjanian, A. G. and Aye, K. M. and Bazer-Bachi, A. R. and Beilicke, M. and Benbow, W. and Berge, D. and Berghaus, P. and Bernl{\"{o}}hr, K. and Bolz, O. and Boisson, C. and Borgmeier, C. and Breitling, F. and Brown, A. M. and Chadwick, P. M. and Chitnis, V. R. and Chounet, L. M. and Cornils, R. and Costamante, L. and Degrange, B. and de Jager, O. C. and Djannati-Ata{\"{i}}, A. and Drury, L. O.C. and Ergin, T. and Espigat, P. and Feinstein, F. and Fleury, P. and Fontaine, G. and Funk, S. and Gallant, Y. A. and Giebels, B. and Gillessen, S. and Goret, P. and Guy, J. and Hadjichristidis, C. and Hauser, M. and Heinzelmann, G. and Henri, G. and Hermann, G. and Hinton, J. and Hofmann, W. and Holleran, M. and Horns, D. and Jung, I. and Kh{\'{e}}lifi, B. and Komin, N. and Konopelko, A. and Latham, I. J. and le Gallou, R. and Lemoine, M. and Lemi{\`{e}}re, A. and Leroy, N. and Lohse, T. and Marcowith, A. and Masterson, C. and McComb, T. J.L. and de Naurois, M. and Nolan, S. J. and Noutsos, A. and Orford, K. J. and Osborne, J. L. and Ouchrif, M. and Panter, M. and Pelletier, G. and Pita, S. and Pohl, M. and P{\"{u}}hlhofer, G. and Punch, M. and Raubenheimer, B. C. and Raue, M. and Raux, J. and Rayner, S. M. and Redondo, I. and Reimer, A. and Reimer, O. and Ripken, J. and Rivoal, M. and Rob, L. and Rolland, L. and Rowell, G. and Sahakian, V. and Sauge, L. and Schlenker, S. and Schlickeiser, R. and Schuster, C. and Schwanke, U. and Siewert, M. and Sol, H. and Steenkamp, R. and Stegmann, C. and Tavernet, J. P. and Th{\'{e}}oret, C. G. and Tluczykont, M. and van der Walt, D. J. and Vasileiadis, G. and Vincent, P. and Visser, B. and Volk, H. J. and Wagner, S. J.},
    number = {2},
    pages = {109--125},
    volume = {22},
    doi = {10.1016/j.astropartphys.2004.06.006},
    issn = {09276505},
    arxivId = {astro-ph/0408145}
}

@article{Cogan2007,
    title = {{Analysis of Flash ADC Data With VERITAS}},
    year = {2007},
    journal = {Methods},
    author = {Cogan, P and Collaboration, For The Veritas},
    number = {1},
    pages = {4},
    volume = {0},
    url = {http://arxiv.org/abs/0709.4208},
    arxivId = {0709.4208}
}

@article{Holder2005,
    title = {{Exploiting VERITAS Timing Information}},
    year = {2005},
    author = {Holder, J. and Collaboration, for the VERITAS},
    number = {January},
    pages = {383--386},
    url = {http://arxiv.org/abs/astro-ph/0507450},
    arxivId = {astro-ph/0507450}
}

@article{Albert2017,
    title = {{TARGET 5: A new multi-channel digitizer with triggering capabilities for gamma-ray atmospheric Cherenkov telescopes}},
    year = {2017},
    journal = {Astroparticle Physics},
    author = {Albert, A. and Funk, S. and Katagiri, H. and Kawashima, T. and Murphy, M. and Okumura, A. and Quagliani, R. and Sapozhnikov, L. and Shigenaka, A. and Tajima, H. and Tibaldo, L. and Vandenbroucke, J. and Varner, G. and Wu, T.},
    pages = {49--61},
    volume = {92},
    url = {http://linkinghub.elsevier.com/retrieve/pii/S0927650517301524},
    doi = {10.1016/j.astropartphys.2017.05.003},
    issn = {09276505},
    arxivId = {1607.02443},
    keywords = {Application-specific integrated circuit, Cherenkov Telescope Array, Digitizer, Gamma rays, Imaging atmospheric Cherenkov telescope, Trigger, Waveform sampling}
}

@article{Albert2008,
    title = {{FADC signal reconstruction for the MAGIC telescope}},
    year = {2008},
    journal = {Nuclear Instruments and Methods in Physics Research, Section A: Accelerators, Spectrometers, Detectors and Associated Equipment},
    author = {Albert, J. and Aliu, E. and Anderhub, H. and Antoranz, P. and Armada, A. and Asensio, M. and Baixeras, C. and Barrio, J. A. and Bartko, H. and Bastieri, D. and Becker, J. and Bednarek, W. and Berger, K. and Bigongiari, C. and Biland, A. and Bock, R. K. and Bordas, P. and Bosch-Ramon, V. and Bretz, T. and Britvitch, I. and Camara, M. and Carmona, E. and Chilingarian, A. and Ciprini, S. and Coarasa, J. A. and Commichau, S. and Contreras, J. L. and Cortina, J. and Costado, M. T. and Curtef, V. and Danielyan, V. and Dazzi, F. and De Angelis, A. and Delgado, C. and de los Reyes, R. and De Lotto, B. and Domingo-Santamar{\'{i}}a, E. and Dorner, D. and Doro, M. and Errando, M. and Fagiolini, M. and Ferenc, D. and Fern{\'{a}}ndez, E. and Firpo, R. and Flix, J. and Fonseca, M. V. and Font, L. and Fuchs, M. and Galante, N. and Garc{\'{i}}a-L{\'{o}}pez, R. J. and Garczarczyk, M. and Gaug, M. and Giller, M. and Goebel, F. and Hakobyan, D. and Hayashida, M. and Hengstebeck, T. and Herrero, A. and H{\"{o}}hne, D. and Hose, J. and Hsu, C. C. and Jacon, P. and Jogler, T. and Kosyra, R. and Kranich, D. and Kritzer, R. and Laille, A. and Lindfors, E. and Lombardi, S. and Longo, F. and L{\'{o}}pez, J. and L{\'{o}}pez, M. and Lorenz, E. and Majumdar, P. and Maneva, G. and Mannheim, K. and Mansutti, O. and Mariotti, M. and Mart{\'{i}}nez, M. and Mazin, D. and Merck, C. and Meucci, M. and Meyer, M. and Miranda, J. M. and Mirzoyan, R. and Mizobuchi, S. and Moralejo, A. and Nieto, D. and Nilsson, K. and Ninkovic, J. and O{\~{n}}a-Wilhelmi, E. and Otte, N. and Oya, I. and Panniello, M. and Paoletti, R. and Paredes, J. M. and Pasanen, M. and Pascoli, D. and Pauss, F. and Pegna, R. and Persic, M. and Peruzzo, L. and Piccioli, A. and Puchades, N. and Prandini, E. and Raymers, A. and Rhode, W. and Rib{\'{o}}, M. and Rico, J. and Rissi, M. and Robert, A. and R{\"{u}}gamer, S. and Saggion, A. and Saito, T. and S{\'{a}}nchez, A. and Sartori, P. and Scalzotto, V. and Scapin, V. and Schmitt, R. and Schweizer, T. and Shayduk, M. and Shinozaki, K. and Shore, S. N. and Sidro, N. and Sillanp{\"{a}}{\"{a}}, A. and Sobczynska, D. and Stamerra, A. and Stark, L. S. and Takalo, L. and Temnikov, P. and Tescaro, D. and Teshima, M. and Torres, D. F. and Turini, N. and Vankov, H. and Vitale, V. and Wagner, R. M. and Wibig, T. and Wittek, W. and Zandanel, F. and Zanin, R. and Zapatero, J.},
    number = {3},
    pages = {407--419},
    volume = {594},
    doi = {10.1016/j.nima.2008.06.043},
    issn = {01689002},
    arxivId = {astro-ph/0612385},
    keywords = {Cherenkov imaging telescopes, Digital filter, FADC, Fast digitization, {$\gamma$}-Ray astronomy}
}

@article{Astrofisico2017CharacterizationTelescopes,
    title = {{Characterization of the recently manufactured LCT5 and LVR Hamamatsu SiPMs suitable for the pre-production telescopes}},
    year = {2017},
    author = {Astrofisico, Osservatorio and Romeo, G and Bonanno, G}
}

@article{Puhlhofer2012FlashCam:Telescopes,
    title = {{FlashCam: A fully digital camera for CTA telescopes}},
    year = {2012},
    journal = {AIP Conference Proceedings},
    author = {P{\"{u}}hlhofer, G. and Bauer, C. and Biland, A. and Florin, D. and F{\"{o}}hr, C. and Gadola, A. and Hermann, G. and Kalkuhl, C. and Kasperek, J. and Kihm, T. and Koziol, J. and Manalaysay, A. and Marszalek, A. and Rajda, P. J. and Schanz, T. and Steiner, S. and Straumann, U. and Tenzer, C. and Vogler, P. and Vollhardt, A. and Weitzel, Q. and Winiarski, K. and Zietara, K.},
    pages = {777--780},
    volume = {1505},
    isbn = {9780735411234},
    doi = {10.1063/1.4772375},
    issn = {0094243X},
    arxivId = {astro-ph.IM/1211.3684},
    keywords = {Cherenkov Telescope Array (CTA), Electronics, VHE gamma-ray instrumentation}
}

@article{Zorn2017CharacterisationArray,
    title = {{Characterisation and Testing of CHEC-M – a camera prototype for the Small-Sized Telescopes of the Cherenkov Telescope Array}},
    year = {2017},
    author = {Zorn, J and White, R and Watson, J J and Amstrong, T and Balzer, A and Barcelo, M and Berge, D and Bose, R and Brown, A M and Bryan, M},
    arxivId = {1806.11308},
    keywords = {cherenkov telescope array, full-waveform readout, gamma-rays, imaging atmospheric cherenkov telescopes}
}

@article{Bretz2016DynamicSiPMs,
    title = {{Dynamic range measurement and calibration of SiPMs}},
    year = {2016},
    journal = {Journal of Instrumentation},
    author = {Bretz, T. and Hebbeker, T. and Lauscher, M. and Middendorf, L. and Niggemann, T. and Schumacher, J. and Stephan, M. and Bueno, A. and Navas, S. and Ruiz, A. G.},
    number = {3},
    volume = {11},
    doi = {10.1088/1748-0221/11/03/P03009},
    issn = {17480221},
    keywords = {Gamma telescopes, Photon detectors for UV, visible and IR photons (s}
}

@article{Carlo2015GuidelinesArray,
    title = {{Guidelines for the Calibration of Cameras in the Cherenkov Telescope Array}},
    year = {2015},
    author = {Carlo, M C Monte},
    pages = {1--55}
}

@article{Werner2016PerformanceArray,
    title = {{Performance Verification of the FlashCam Prototype Camera for the Cherenkov Telescope Array}},
    year = {2016},
    author = {Werner, F. and Bauer, C. and Bernhard, S. and Capasso, M. and Diebold, S. and Eisenkolb, F. and Eschbach, S. and Florin, D. and F{\"{o}}hr, C. and Funk, S. and Gadola, A. and Garrecht, F. and Hermann, G. and Jung, I. and Kalekin, O. and Kalkuhl, C. and Kasperek, J. and Kihm, T. and Lahmann, R. and Marszalek, A. and Pfeifer, M. and Principe, G. and P{\"{u}}hlhofer, G. and P{\"{u}}rckhauer, S. and Rajda, P. J. and Reimer, O. and Santangelo, A. and Schanz, T. and Schwab, T. and Steiner, S. and Straumann, U. and Tenzer, C. and Vollhardt, A. and Wolf, D. and Zietara, K.},
    url = {http://arxiv.org/abs/1612.09528%0Ahttp://dx.doi.org/10.1016/j.nima.2016.12.056},
    doi = {10.1016/j.nima.2016.12.056},
    arxivId = {1612.09528},
    keywords = {cherenkov camera, cta, flashcam, gamma-ray astronomy, mst, performance verification, temperature stability}
}

@article{Berge2002DevelopmentSystem,
    title = {{Development of an Algorithm for the Shower Reconstruction with the H . E . S . S . Telescope System}},
    year = {2002},
    author = {Berge, David},
    number = {November}
}

@article{Impiombato2017ProceduresCamera,
    title = {{Procedures for the relative calibration of the SiPM gain on ASTRI SST-2M camera}},
    year = {2017},
    journal = {Experimental Astronomy},
    author = {Impiombato, D. and Catalano, O. and Giarrusso, S. and Mineo, T. and Rosa, G. La and Gargano, C. and Sangiorgi, P. and Segreto, A. and Sottile, G. and Bonanno, G. and Garozzo, S. and Grillo, A. and Marano, D. and Romeo, G. and Gimenes, R.},
    number = {1},
    volume = {43},
    doi = {10.1007/s10686-016-9516-z},
    issn = {15729508},
    arxivId = {1612.02186},
    keywords = {ASIC for SiPM, ASTRI, CTA, Front-End}
}