@Misc{scipy-crosscorrelate,
  title =     {{SciPy}: Open source scientific tools for {Python}: scipy.ndimage.correlate1d},
  url = "https://docs.scipy.org/doc/scipy/reference/generated/scipy.ndimage.correlate1d.html",
  note = {[Online; accessed <today>]}
}
@Misc{wolfram-crosscorrelate,
	author =    {Eric W. Weisstein},
	title =     {"Cross-Correlation." From MathWorld--A Wolfram Web Resource.},
	url = "http://mathworld.wolfram.com/Cross-Correlation.html",
	note = {[Online; accessed <today>]}
}