@techreport{Dazzi2018,
author = {Dazzi, Francesco and Fuessling, Matthias and Hagge, Lars and Hinton, Jim and Kosack, Karl and Mitchell, Alison and Morgenstern, Andreas and Neyroud, Nadine and Oya, Igor and Rost, Dominik and Tosti, Gino},
file = {:Users/Jason/Dropbox/DropboxDocuments/Mendeley/Dazzi et al. - 2018 - CTA Architecture.pdf:pdf},
institution = {CTA Observatory},
title = {{CTA Architecture}},
type = {Internal Document (V1.0)},
year = {2018}
}
@techreport{petophotons,
author = {Mitchell, Alison and Hinton, Jim},
file = {:Users/Jason/Dropbox/DropboxDocuments/Mendeley/Mitchell, Hinton - 2018 - SYS-REQ180326 Photoelectrons to Photons in Camera Performance Requirements.pdf:pdf},
institution = {CTA Observatory},
title = {{SYS-REQ/180326: Photoelectrons to Photons in Camera Performance Requirements}},
type = {Internal Document (Draft V1.0)},
year = {2018}
}
@techreport{Ohm2012,
author = {Ohm, Stefan and Hinton, Jim},
file = {:Users/Jason/Dropbox/DropboxDocuments/Mendeley/Ohm, Hinton - 2012 - SCI-MC121113 Impact of measurement errors on charge resolution and system performance.pdf:pdf},
institution = {CTA Observatory},
title = {{SCI-MC/121113: Impact of measurement errors on charge resolution and system performance}},
type = {Internal Document (V1.1)},
year = {2012}
}
@techreport{Kosack2017,
author = {Kosack, Karl and Hinton, Jim and F{\"{u}}{\ss}ling, Matthias and de los Reyes, Raquel and Contreras, Jose-Luis and Mitchell, Alison},
file = {:Users/Jason/Dropbox/DropboxDocuments/Mendeley/Kosack et al. - 2017 - CTA High-Level Data Model Definitions.pdf:pdf},
institution = {CTA Observatory},
title = {{CTA High-Level Data Model Definitions}},
type = {Internal Document (Draft V0.3)},
year = {2017}
}
